@Article{Abazov:2004cs,
     author    = "Abazov, V. M. and others",
 collaboration = "D0",
     title     = "A precision measurement of the mass of the top quark",
     journal   = "Nature",
     volume    = "429",
     year      = "2004",
     pages     = "638-642",
     eprint    = "hep-ex/0406031",
     SLACcitation  = "%%CITATION = HEP-EX 0406031;%%"
}

@Article{FeldmanCousins:1998fc,
     author    = "Feldman, G. and Cousins, R.",
     title     = "Unified approach to the classical statistical analysis of small signals",
     journal   = "Phys. Rev. D",
     volume    = "57(7)",
     year      = "1998",
     pages     = "3873-3889"
}

@Article{CousinsHighland:1992ch,
     author    = "Cousins, R. and Highland, V.",
     journal   = "Nucl. Inst. Meth.",
     volume    = "A320",
     year      = "1992",
     pages     = "331"
}

%D.Acosta etal.,TheCDFCollaboration,Measurementof B(t?Wb)B(t?Wq)attheCollider
%DetectoratFermilab Phys.Rev.Lett. 95,102002(2005).

@Article{Acosta:2005Branch,
     author    = "D. Acosta et al.",
 collaboration = "CDF",
     title     = "Measurement of $\frac{B(t\rightarrow Wb)}{B(t \rightarrow Wq)}$ at the Collider Detector at Fermilab",
     journal   = "Phys. Rev. Lett.",
     volume    = "95",
     year      = "2005"
}



@Article{Abbiendi:2001wk,
     author    = "Abbiendi, G. and others",
 collaboration = "OPAL",
     title     = "Search for single top quark production at LEP2",
     journal   = "Phys. Lett.",
     volume    = "B521",
     year      = "2001",
     pages     = "181-194",
     eprint    = "hep-ex/0110009",
     SLACcitation  = "%%CITATION = HEP-EX 0110009;%%"
}

@Article{Abdallah:2003wf,
     author    = "Abdallah, J. and others",
 collaboration = "DELPHI",
     title     = "Search for single top production via FCNC at LEP at
                   $\sqrt{s}$ = 189-GeV - 208-GeV",
     journal   = "Phys. Lett.",
     volume    = "B590",
     year      = "2004",
     pages     = "21-34",
     eprint    = "hep-ex/0404014",
     SLACcitation  = "%%CITATION = HEP-EX 0404014;%%"
}

@Article{Achard:2002vv,
     author    = "Achard, P. and others",
 collaboration = "L3",
     title     = "Search for single top production at LEP",
     journal   = "Phys. Lett.",
     volume    = "B549",
     year      = "2002",
     pages     = "290-300",
     eprint    = "hep-ex/0210041",
     SLACcitation  = "%%CITATION = HEP-EX 0210041;%%"

}

@Article{Aktas:2003yd,
     author    = "Aktas, A. and others",
 collaboration = "H1",
     title     = "Search for single top quark production in $ep$ collisions at
                  HERA",
     journal   = "Eur. Phys. J.",
     volume    = "C33",
     year      = "2004",
     pages     = "9-22",
     eprint    = "hep-ex/0310032",
     SLACcitation  = "%%CITATION = HEP-EX 0310032;%%"
}

@Article{Chekanov:2003yt,
     author    = "Chekanov, S. and others",
 collaboration = "ZEUS",
     title     = "Search for single-top production in $ep$ collisions at
                  HERA",
     journal   = "Phys. Lett.",
     volume    = "B559",
     year      = "2003",
     pages     = "153-170",
     eprint    = "hep-ex/0302010",
     SLACcitation  = "%%CITATION = HEP-EX 0302010;%%"
}

@Article{Heister:2002xv,
     author    = "Heister, A. and others",
 collaboration = "ALEPH",
     title     = "Search for single top production in $\mathrm{e^+ e^-}$ collisions at $\sqrt{s}$ up to 209\,GeV",
     journal   = "Phys. Lett.",
     volume    = "B543",
     year      = "2002",
     pages     = "173-182",
     eprint    = "hep-ex/0206070",
     SLACcitation  = "%%CITATION = HEP-EX 0206070;%%"
}

@Article{LEPexotica,
  author = 	 {{LEP Exotica Working Group}},
  key =          {LEP2001},
  collaboration = {ALEPH, DELPHI, L3, OPAL},
  title = 	 {Search for single top production via flavour changing neutral currents: preliminary combined results of the LEP experiments},
  year = 	 {2001},
  OPTkey = 	 {},
  OPTvolume = 	 {},
  OPTnumber = 	 {},
  OPTpages = 	 {},
  OPTmonth = 	 {},
  note = 	 {LEP Exotica WG Note 2001-1, unpublished},
  OPTannote = 	 {},
  spireskey =    "0"
}

@Article{Wagner:2005jh,
     author    = "Wagner, Wolfgang",
     title     = "Top quark physics in hadron collisions",
     year      = "2005",
     eprint    = "hep-ph/0507207",
     SLACcitation  = "%%CITATION = HEP-PH 0507207;%%"
}

@Article{Yao:2006px,
     author    = "Yao, W.-M. and others",
 collaboration = "Particle Data Group",
     title     = "Review of particle physics",
     journal   = "J. Phys.",
     volume    = "G33",
     year      = "2006",
     pages     = "1-1232",
     SLACcitation  = "%%CITATION = JPHGB,G33,1;%%"
}
