@Article{Catani:2001cc,
     author    = "Catani, S. and Krauss, F. and Kuhn, R. and Webber, B. R.",
     title     = "QCD matrix elements + parton showers",
     journal   = "JHEP",
     volume    = "11",
     year      = "2001",
     pages     = "063",
     eprint    = "hep-ph/0109231",
     SLACcitation  = "%%CITATION = HEP-PH 0109231;%%"
}

@Article{Mrenna:2003if,
     author    = "Mrenna, Stephen and Richardson, Peter",
     title     = "Matching matrix elements and parton showers with HERWIG and
                  PYTHIA",
     journal   = "JHEP",
     volume    = "05",
     year      = "2004",
     pages     = "040",
     eprint    = "hep-ph/0312274",
     SLACcitation  = "%%CITATION = HEP-PH 0312274;%%"
}

@Article{Mangano:2002ea,
     author    = "Mangano, Michelangelo L. and Moretti, Mauro and Piccinini,
                  Fulvio and Pittau, Roberto and Polosa, Antonio D.",
     title     = "ALPGEN, a generator for hard multiparton processes in
                  hadronic  collisions",
     journal   = "JHEP",
     volume    = "07",
     year      = "2003",
     pages     = "001",
     eprint    = "hep-ph/0206293",
     SLACcitation  = "%%CITATION = HEP-PH 0206293;%%"
}

@Misc{Mangano:2004,
  OPTkey = 	 {},
  author = 	 {Mangano, Michelangelo L.},
  title = 	 {Merging multijet matrix elements and shower evolution in hadronic collisions},
  howpublished = {Talk given at Lund University, Sweden},
  month = 	 {October 7,},
  year = 	 {2004},
  spireskey =    {0},
  OPTnote = 	 {},
  OPTannote = 	 {}
}

@Article{Sjostrand:2000wi,
     author    = "Sj{\"o}strand, Torbj{\"o}rn and others",
     title     = "High-energy physics event generation with \pyth 6.1",
     journal   = "Comput. Phys. Commun.",
     volume    = "135",
     year      = "2001",
     pages     = "238-259",
     eprint    = "hep-ph/0010017",
     SLACcitation  = "%%CITATION = HEP-PH 0010017;%%"
}

@Article{Sjostrand:2003wg,
     author    = "Sj{\"o}strand, Torbj{\"o}rn and L{\"o}nnblad, Leif and Mrenna, Stephen and Skands, Peter",
     title     = "\pyth 6.3: Physics and Manual",
     year      = "2003",
     eprint    = "hep-ph/0308153",
     SLACcitation  = "%%CITATION = HEP-PH 0308153;%%"
}


