@Article{Agashe:2004ay,
     author    = "Agashe, Kaustubh and Perez, Gilad and Soni, Amarjit",
     title     = "B-factory signals for a warped extra dimension",
     journal   = "Phys. Rev. Lett.",
     volume    = "93",
     year      = "2004",
     pages     = "201804",
     eprint    = "hep-ph/0406101",
     SLACcitation  = "%%CITATION = HEP-PH 0406101;%%"
}

@Article{Agashe:2004cp,
     author    = "Agashe, Kaustubh and Perez, Gilad and Soni, Amarjit",
     title     = "Flavor structure of warped extra dimension models",
     journal   = "Phys. Rev.",
     volume    = "D71",
     year      = "2005",
     pages     = "016002",
     eprint    = "hep-ph/0408134",
     SLACcitation  = "%%CITATION = HEP-PH 0408134;%%"
}


@Article{Aguilar-Saavedra:2004wm,
     author    = "Aguilar-Saavedra, J. A.",
     title     = "Top flavour-changing neutral interactions: Theoretical
                  expectations and experimental detection",
     journal   = "Acta Phys. Polon.",
     volume    = "B35",
     year      = "2004",
     pages     = "2695-2710",
     eprint    = "hep-ph/0409342",
     SLACcitation  = "%%CITATION = HEP-PH 0409342;%%"
}

@Article{Buchmuller:1988et,
     author    = "Buchm{\"u}ller, W. and Gronau, M.",
     title     = "Flavour Changing $Z^0$ Decays",
     journal   = "Phys. Lett.",
     volume    = "B220",
     year      = "1989",
     pages     = "641",
     SLACcitation  = "%%CITATION = PHLTA,B220,641;%%",
     spireskey = "1919229"
}

@Article{Cabibbo:1963yz,
     author    = "Cabibbo, N.",
     title     = "Unitary Symmetry and Leptonic Decays",
     journal   = "Phys. Rev. Lett.",
     volume    = "10",
     year      = "1963",
     pages     = "531-533",
     SLACcitation  = "%%CITATION = PRLTA,10,531;%%",
     spireskey = "161047"
}

@Article{Campbell:1999ah,
     author    = "Campbell, J. M. and Ellis, R. K.",
     title     = "An update on vector boson pair production at hadron
                  colliders",
     journal   = "Phys. Rev.",
     volume    = "D60",
     year      = "1999",
     pages     = "113006",
     SLACcitation  = "%%CITATION = HEP-PH 9905386;%%"
}

@Article{Chankowski:2005hh,
     author    = "Chankowski, P. H. and Kowalska, K. and Lavignac, S. and
                  Pokorski, S.",
     title     = "Flavour changing neutral currents and inverted sfermion
                  mass hierarchy",
     year      = "2005",
     eprint    = "hep-ph/0507133",
     SLACcitation  = "%%CITATION = HEP-PH 0507133;%%"
}

@Article{Eilam:1990zc,
     author    = "Eilam, G. and Hewett, J. L. and Soni, A.",
     title     = "Rare decays of the top quark in the standard and two-Higgs-doublet models",
     journal   = "Phys. Rev.",
     volume    = "D44",
     year      = "1991",
     pages     = "1473-1484",
     SLACcitation  = "%%CITATION = PHRVA,D44,1473;%%",
     spireskey = "2286513",
     note      = "erratum \emph{ibid.} {\bf D59} (1999) 039901"
}

@Article{Fritzsch:1989qd,
     author    = "Fritzsch, Harald",
     title     = "t-Quarks May Decay into Z-Bosons and Charm",
     journal   = "Phys. Lett.",
     volume    = "B224",
     year      = "1989",
     pages     = "423",
     SLACcitation  = "%%CITATION = PHLTA,B224,423;%%",
     spireskey = "2019400"
}

@Article{Georgi:1994ha,
     author    = "Georgi, Howard and Kaplan, Lev and Morin, David and Schenk,
                  Andreas",
     title     = "Effects of top compositeness",
     journal   = "Phys. Rev.",
     volume    = "D51",
     year      = "1995",
     pages     = "3888-3894",
     eprint    = "hep-ph/9410307",
     SLACcitation  = "%%CITATION = HEP-PH 9410307;%%"
}

@Article{Glashow:1970gm,
     author    = "Glashow, S. L. and Iliopoulos, J. and Maiani, L.",
     title     = "Weak Interactions with Lepton-Hadron Symmetry",
     journal   = "Phys. Rev.",
     volume    = "D2",
     year      = "1970",
     pages     = "1285-1292",
     spireskey = "157082",
     SLACcitation  = "%%CITATION = PHRVA,D2,1285;%%"
}

@Article{Glover:2004cy,
     author    = "Glover, E. W. N. and others",
     title     = "Top Quark Physics at Colliders",
     journal   = "Acta Phys. Polon.",
     volume    = "B35",
     year      = "2004",
     pages     = "2671-2694",
     eprint    = "hep-ph/0410110",
     SLACcitation  = "%%CITATION = HEP-PH 0410110;%%"
}

@Article{Grzadkowski:1990sm,
     author    = "Grzadkowski, B. and Gunion, J. F. and Krawczyk, P.",
     title     = "Neutral Current Flavor Changing Decays for the $Z$ Boson and
                  the Top Quark in Two-Higgs Doublet Models",
     journal   = "Phys. Lett.",
     volume    = "B268",
     year      = "1991",
     pages     = "106-111",
     SLACcitation  = "%%CITATION = PHLTA,B268,106;%%",
     spireskey = "2302209"
}


@Article{Han:1995pk,
     author    = "Han, Tao and Peccei, R. D. and Zhang, X.",
     title     = "Top quark decay via flavor changing neutral currents at
                  hadron colliders",
     journal   = "Nucl. Phys.",
     volume    = "B454",
     year      = "1995",
     pages     = "527-540",
     eprint    = "hep-ph/9506461",
     SLACcitation  = "%%CITATION = HEP-PH 9506461;%%"
}

@Article{Inami:1980fz,
     author    = "Inami, T. and Lim, C. S.",
     title     = "Effects of Superheavy Quarks and Leptons in Low-Energy Weak
                  Processes $K_L \rightarrow \mu^+\mu^-$, $K^+ \rightarrow \pi^+\nu \overline{\nu}$ and $K^0 \leftrightarrow \overline{K}^0$",
     journal   = "Prog. Theor. Phys.",
     volume    = "65",
     year      = "1981",
     pages     = "297",
     SLACcitation  = "%%CITATION = PTPKA,65,297;%%",
     spireskey = "669601"
}

@Article{Kobayashi:1973fv,
     author    = "Kobayashi, M. and Maskawa, T.",
     title     = "CP violation in the renormalizable theory of weak
                  interaction",
     journal   = "Prog. Theor. Phys.",
     volume    = "49",
     year      = "1973",
     pages     = "652-657",
     SLACcitation  = "%%CITATION = PTPKA,49,652;%%",
     spireskey = "168440"
}
@Article{Kidonakis:2003sc,
     author    = "Kidonakis, Nikolaos and Belyaev, Alexander",
     title     = "FCNC top quark production via anomalous $tqV$ couplings
                  beyond leading  order",
     journal   = "JHEP",
     volume    = "12",
     year      = "2003",
     pages     = "004",
     eprint    = "hep-ph/0310299",
     SLACcitation  = "%%CITATION = HEP-PH 0310299;%%"
}

@Article{Kidonakis:2004xp,
     author    = "Kidonakis, Nikolaos and Belyaev, Alexander",
     title     = "Anomalous $t q V$ couplings and FCNC top quark production",
     year      = "2004",
     eprint    = "hep-ph/0407032",
     SLACcitation  = "%%CITATION = HEP-PH 0407032;%%"
}

@Article{Larios:2004mx,
     author    = "Larios, F. and Mart{\'i}nez, R. and P{\'e}rez, M. A.",
     title     = "Constraints on top-quark FCNC from electroweak precision
                  measurements",
     year      = "2004",
     eprint    = "hep-ph/0412222",
     SLACcitation  = "%%CITATION = HEP-PH 0412222;%%"
}

@Article{Liu:2005dp,
     author    = "Liu, Jian Jun and Sheng, Chong and Yang, Li Lin and Jin, Li
                  Gang",
     title     = "Next-to-Leading Order QCD Corrections to the Direct Top
                  Quark Production via Model-independent FCNC Couplings at
                  Hadron Colliders",
     year      = "2005",
     eprint    = "hep-ph/0508016",
     SLACcitation  = "%%CITATION = HEP-PH 0508016;%%"
}

@Article{Luke:1993cy,
     author    = "Luke, Michael E. and Savage, Martin J.",
     title     = "Flavor changing neutral currents, weak-scale scalars and
                  rare top decays",
     journal   = "Phys. Lett.",
     volume    = "B307",
     year      = "1993",
     pages     = "387-393",
     eprint    = "hep-ph/9303249",
     SLACcitation  = "%%CITATION = HEP-PH 9303249;%%"
}

@Article{Mann:1983dv,
     author    = "Mann, G. and Riemann, T.",
     title     = "Effective Flavor Changing Weak Neutral Current in the
                  Standard Theory and $Z$-Boson Decay",
     journal   = "Annalen der Phys.",
     volume    = "40",
     year      = "1984",
     pages     = "334",
     spireskey = "1101080",
     SLACcitation  = "%%CITATION = ANPYA,40,334;%%"
}

@Misc{Tait,
  OPTkey = 	 {},
  author = 	 {Tait, Tim},
  OPTtitle = 	 {},
  OPThowpublished = {},
  OPTmonth = 	 {},
  OPTyear = 	 {},
  note = 	 {private communication},
  OPTannote = 	 {}
}

