@Article{Acosta:2004uq,
     author    = "Acosta, D. and others",
 collaboration = "CDF",
     title     = "First measurements of inclusive $W$ and $Z$ cross sections
                  from Run~II of the Tevatron collider",
     journal   = "Phys. Rev. Lett.",
     volume    = "94",
     year      = "2005",
     pages     = "091803",
     SLACcitation  = "%%CITATION = HEP-EX 0406078;%%"
}


@Misc{CDF7532,
  author = 	 {Adelman, J. and others},
  title = 	 {Top Quark Mass Measurement Using the Template Method in the Lepton+Jets Channel at CDF II},
  howpublished = {CDF/PHYS/TOP/CDFR/7532},
  year = 	 {2005},
}

@Misc{CDF7400,
  author = 	 {Plager, C. and Bloom, K.},
  title = 	 {Using The Feldman-Cousins Construction to Measure {${\mathcal R} = {{B(t -> Wb)} \over{B(t->Wq)}}$}}},
  howpublished = {CDF/PHYS/TOP/CDFR/7400},
  year = 	 {2004},
}

@Misc{CDF7007,
  author = 	 {Bachacou, H. and Feretti, C. and Nielsen, J. and Yao, W.-M.},
  title = 	 {Heavy Flavor Contributions to the SECVTX-tagged {\Wj} Sample},
  howpublished = {CDF/ANAL/TOP/CDFR/7007},
  year = 	 {2004},
}

@Misc{CDF8519,
  author = 	 {Budd, S. and Junk, T. and Liss, T. and Neu, C.},
  title = 	 {Tight Loose and Ultratight SECVTX Tag Rate Matrix in 1.2\invfb},
  howpublished = {CDF/DOC/SEC\_VTX/GROUP/8519},
  year = 	 {2006},
}

@Misc{CDF8629,
  author =       {Han, B. and Boisvert, V.},
  title =        {Trigger Efficiencies for the High Et Central Electron in the Gen6 data},
  howpublished = {CDF/DOC/ELECTRON/CDFR/8629},
  year =         {2006},
}

@Misc{CDF8614,
  author =       {Hare, D. and Halkiadakis, E. and Spreitzer, T.},
  title =        {Electron ID Efficiency and Scale Factors for Winter 2007 Analyses},
  howpublished = {CDF/DOC/ELECTRON/CDFR/8614},
  year =         {2006},
}

@Misc{CDF8618,
  author =       {Grundler, U. and Lovas, L. and Taffard, A.},
  title =        {High-Pt muons recommended cuts and efficiencies for Winter 2007},
  howpublished = {CDF/ANAL/TOP/CDFR/8618},
  year =         {2006},
}

@Misc{CDF7326,
  author = 	 {Guimar{\~a}es da Costa, J. and Rappoccio, S.},
  title = 	 {SecVtx Tag Matrices for 5.3.3\_nt},
  howpublished = {CDF/PUB/SECVTX/PUBLIC/7326},
  year = 	 {2004},
}

@Misc{CDF8626,
  OPTkey = 	 {},
  author = 	 {Grinstein, S. and Guimar{\~a}es da Costa, J. and Sherman, D.},
  title = 	 {{SecVtx} Mistag Asymmetry for Winter 2007},
  howpublished = {/CDF/ANAL/SEC\_VTX/CDFR/8626},
  year = 	 {2005}
}

@Misc{CDF7585,
  OPTkey = 	 {},
  author = 	 {Guimar{\~a}es da Costa, J. and Rappoccio, S. and Sherman, D.},
  title = 	 {Measurement of the {SecVtx} Mistag Asymmetry in 5.3.3},
  howpublished = {/CDF/ANAL/SEC\_VTX/CDFR/7585},
  year = 	 {2005}
}

@Misc{CDF8767,
  OPTkey = 	 {},
  author = 	 {Franklin, M. and Grinstein, S. and Guimar{\~a}es da Costa, J. and Sherman, D.},
  title = 	 {Measurement of the Top Pair Cross Section in Lepton+Jets in 1.12\invfb},
  howpublished = {/CDF/ANAL/TOP/CDFR/8767},
  year = 	 {2007}
}

@Misc{CDF7744,
  OPTkey = 	 {},
  author = 	 {Husemann, U.},
  title = 	 {Why Flavor Changing Neutral Currents are strongly suppressed in the Standard Model},
  howpublished = {/CDF/ANAL/TOP/CDFR/7744},
  year = 	 {2005}
}

@Misc{CDF8696,
  OPTkey = 	 {},
  author = 	 {Incandela, J. and others},
  title = 	 {A Measurement of the \ttbar Dilepton Cross Section in the 1.1\invfb Lepton + Isolated Track Sample},
  howpublished = {CDF/DOC/TOP/CDFR/8696},
  year = 	 {2007}
}

@Misc{CDF8148,
  OPTkey = 	 {},
  author = 	 {{CDF Collaboration}},
  title = 	 {Combination of CDF top pair production cross section measurements with up to 760\invpb},
  howpublished = {CDF/PHYS/TOP/PUBLIC/8148},
  year = 	 {2006}
}

@Misc{JES,
  author = 	 {{CDF Collaboration}},
  title = 	 {Jet Energy Correction Web Page},
  url = {http://www-cdf.fnal.gov/internal/physics/top/jets/},
  retrieved = 	 {December 14, 2006},
}

@Misc{GoodRun16,
  author = 	 {{CDF Collaboration}},
  title = 	 {Good Run List v16},
  url = {http://www-cdf.fnal.gov/internal/dqm/goodrun/good.html},
  retrieved = 	 {May 24, 2007},
}

@Misc{JPElectron,
  author = 	 {{CDF Collaboration}},
  title = {Baseline High-\pt Electron Selection Criteria and Efficiencies: Gen5 and Gen6},
  url = {http://www-cdf.fnal.gov/internal/physics/joint\_physics/instructions/electron\_cuts\_gen6.html},
  retrieved = {April 2, 2007}
}

@Misc{JPMuon,
  author = 	 {{CDF Collaboration}},
  title = {Baseline High-\pt Muon (CMUP, CMX, BMU) Selection Criteria: Gen5 and Gen6},
  url = {http://www-cdf.fnal.gov/internal/physics/joint\_physics/instructions/muon\_cuts\_gen6.html},
  retrieved = {April 2, 2007}
}

@Misc{BTagging,
  title = {High-Pt B-Tagging at CDF-II},
  url = {http://www-cdf.fnal.gov/internal/physics/top/RunIIBtag/1200invpb\_results/},
  retrieved = {April 3, 2007}
}

@Misc{TopXSec,
  title = {Top Group Gen 6 MC Production},
  url = {http://www-cdf.fnal.gov/internal/physics/top/RunIIMC/topmc6/},
  retrieved = {June 3, 2007}
}

